<?xml version="1.0" encoding="utf-8"?>
<record xmlns="http://www.loc.gov/MARC21/slim" xmlns:xsi="http://www.w3.org/2001/XMLSchema-instance" xsi:schemaLocation="http://www.loc.gov/MARC21/slim http://www.loc.gov/standards/marcxml/schema/MARC21slim.xsd">
	<leader>     nam a22        4500</leader>
	<controlfield tag="001">2958145</controlfield>
	<controlfield tag="003">NNC</controlfield>
	<controlfield tag="006">m        d        </controlfield>
	<controlfield tag="007">cr cn |||m|||a</controlfield>
	<controlfield tag="008">161027s1925    ua abfh ob    001 0 araod</controlfield>
	<datafield ind1=" " ind2=" " tag="040">
		<subfield code="a">NNU</subfield>
		<subfield code="b">eng</subfield>
		<subfield code="e">rda</subfield>
		<subfield code="c">NNU</subfield>
	</datafield>
	<datafield ind1=" " ind2=" " tag="043">
		<subfield code="a">a-su---</subfield>
	</datafield>
	<datafield ind1=" " ind2="4" tag="050">
		<subfield code="a">BP187.3</subfield>
		<subfield code="b">.R5</subfield>
	</datafield>
	<datafield ind1=" " ind2="4" tag="050">
		<subfield code="a">PJ7803.R55</subfield>
		<subfield code="b">M5</subfield>
	</datafield>
	<datafield ind1=" " ind2="4" tag="082">
		<subfield code="a">459.2</subfield>
		<subfield code="b">IB7M</subfield>
	</datafield>
	<datafield ind1="1" ind2=" " tag="100">
		<subfield code="6">880-01</subfield>
		<subfield code="a">Rifʻat, Ibrāhīm,</subfield>
		<subfield code="d">1857-1935.</subfield>
	</datafield>
	<datafield ind1="1" ind2="0" tag="245">
		<subfield code="6">880-02</subfield>
		<subfield code="a">Mirʼāt al-Ḥaramayn, aw, al-Riḥalāt al-Ḥijāzīyah wa-al-Ḥajj wa-mashāʻiruhu al-dīnīyah : muḥallāh bi-miʼāt al-ṣuwar al-shamsīyah /</subfield>
		<subfield code="c">taʼlīf wa-rasm Ibrāhīm Rifʻat.</subfield>
	</datafield>
	<datafield ind1="3" ind2="0" tag="246">
		<subfield code="6">880-03</subfield>
		<subfield code="a">Riḥalāt al-Ḥijāzīyah wa-al-Ḥajj wa-mashāʻiruhu al-dīnīyah</subfield>
	</datafield>
	<datafield ind1="3" ind2="0" tag="246">
		<subfield code="6">880-04</subfield>
		<subfield code="a">Raḥalāt al-Ḥijāzīyah wa-al-Ḥajj wa-mashāʻiruhu al-dīnīyah</subfield>
	</datafield>
	<datafield ind1=" " ind2=" " tag="250">
		<subfield code="6">880-05</subfield>
		<subfield code="a">al-Ṭabʻah al-ūlá</subfield>
	</datafield>
	<datafield ind1=" " ind2=" " tag="260">
		<subfield code="6">880-06</subfield>
		<subfield code="a">al-Qāhirah :</subfield>
		<subfield code="b">Maṭbaʻat Dār al-Kutub al-Miṣrīyah,</subfield>
		<subfield code="c">1344 h,1925 m.</subfield>
	</datafield>
	<datafield ind1=" " ind2=" " tag="300">
		<subfield code="a">online resource (2 volumes) :</subfield>
		<subfield code="b">illustrations, maps (some folded), plates (some color), facsimilies</subfield>
	</datafield>
	<datafield ind1=" " ind2=" " tag="336">
		<subfield code="a">text</subfield>
		<subfield code="2">rdacontent</subfield>
	</datafield>
	<datafield ind1=" " ind2=" " tag="337">
		<subfield code="a">computer</subfield>
		<subfield code="2">rdamedia</subfield>
	</datafield>
	<datafield ind1=" " ind2=" " tag="338">
		<subfield code="a">online resource</subfield>
		<subfield code="2">rdacarrier</subfield>
	</datafield>
	<datafield ind1=" " ind2=" " tag="500">
		<subfield code="6">880-07</subfield>
		<subfield code="a">Raqam al-īdāʻ bi-dār al-kutub al-miṣriyah (volume 1): 163/1924/3000</subfield>
	</datafield>
	<datafield ind1=" " ind2=" " tag="500">
		<subfield code="6">880-08</subfield>
		<subfield code="a">Raqam al-īdāʻ bi-dār al-kutub al-miṣriyah (volume 2): 201/1925/3000</subfield>
	</datafield>
	<datafield ind1=" " ind2=" " tag="500">
		<subfield code="a">Part of the Arabic Collections Online (ACO) project, contributed by Columbia University Libraries.</subfield>
	</datafield>
	<datafield ind1=" " ind2=" " tag="504">
		<subfield code="a">Includes bibliographical references and index.</subfield>
	</datafield>
	<datafield ind1=" " ind2=" " tag="533">
		<subfield code="a">Electronic reproduction.</subfield>
		<subfield code="b">New York, N.Y. :</subfield>
		<subfield code="c">New York University,</subfield>
		<subfield code="d">2016.</subfield>
		<subfield code="5">NNU</subfield>
	</datafield>
	<datafield ind1=" " ind2="0" tag="650">
		<subfield code="a">Muslim pilgrims and pilgrimages</subfield>
		<subfield code="z">Saudi Arabia.</subfield>
	</datafield>
	<datafield ind1=" " ind2="0" tag="651">
		<subfield code="a">Mecca (Saudi Arabia)</subfield>
		<subfield code="x">Description and travel.</subfield>
	</datafield>
	<datafield ind1=" " ind2="0" tag="651">
		<subfield code="a">Medina (Saudi Arabia)</subfield>
		<subfield code="x">Description and travel.</subfield>
	</datafield>
	<datafield ind1="2" ind2="0" tag="610">
		<subfield code="6">880-09</subfield>
		<subfield code="a">Masjid al-Ḥarām.</subfield>
	</datafield>
	<datafield ind1="2" ind2="7" tag="610">
		<subfield code="a">Masjid al-Ḥarām.</subfield>
		<subfield code="2">fast</subfield>
		<subfield code="0">(OCoLC)fst00560924</subfield>
	</datafield>
	<datafield ind1=" " ind2="7" tag="650">
		<subfield code="a">Muslim pilgrims and pilgrimages.</subfield>
		<subfield code="2">fast</subfield>
		<subfield code="0">(OCoLC)fst01030970</subfield>
	</datafield>
	<datafield ind1=" " ind2="7" tag="650">
		<subfield code="a">Travel.</subfield>
		<subfield code="2">fast</subfield>
		<subfield code="0">(OCoLC)fst01155558</subfield>
	</datafield>
	<datafield ind1=" " ind2="7" tag="651">
		<subfield code="a">Saudi Arabia.</subfield>
		<subfield code="2">fast</subfield>
		<subfield code="0">(OCoLC)fst01210372</subfield>
	</datafield>
	<datafield ind1=" " ind2="7" tag="651">
		<subfield code="a">Saudi Arabia</subfield>
		<subfield code="z">Mecca.</subfield>
		<subfield code="2">fast</subfield>
		<subfield code="0">(OCoLC)fst01204780</subfield>
	</datafield>
	<datafield ind1=" " ind2="7" tag="651">
		<subfield code="a">Saudi Arabia</subfield>
		<subfield code="z">Medina.</subfield>
		<subfield code="2">fast</subfield>
		<subfield code="0">(OCoLC)fst01213531</subfield>
	</datafield>
	<datafield ind1="2" ind2=" " tag="710">
		<subfield code="a">Columbia University.</subfield>
		<subfield code="b">Libraries.</subfield>
	</datafield>
	<datafield ind1="0" ind2=" " tag="730">
		<subfield code="a">Arabic Collections Online.</subfield>
	</datafield>
	<datafield ind1="0" ind2="8" tag="776">
		<subfield code="i">Print version:</subfield>
		<subfield code="a">Rifʻat, Ibrāhīm, 1857-1935.</subfield>
		<subfield code="t">Mirʼāt al-Ḥaramayn, aw, al-Riḥalāt al-Ḥijāzīyah wa-al-Ḥajj wa-mashāʻiruhu al-dīnīyah : muḥallāh bi-miʼāt al-ṣuwar al-shamsīyah</subfield>
		<subfield code="w">(NNC)2958145</subfield>
		<subfield code="w">(OCoLC)24097042</subfield>
	</datafield>
	<datafield ind1="4" ind2="0" tag="856">
		<subfield code="u">http://hdl.handle.net/2333.1/wh70s385</subfield>
	</datafield>
	<datafield ind1="1" ind2=" " tag="880">
		<subfield code="6">100-01/r</subfield>
		<subfield code="a">رفعت، ابراهيم،,</subfield>
		<subfield code="d">1857-1935.</subfield>
	</datafield>
	<datafield ind1="1" ind2="0" tag="880">
		<subfield code="6">245-02/r</subfield>
		<subfield code="a">مرآه الحرمين، أو، الرحلات الحجازية والحج ومشاعره الدينية : محلاه بمئات الصور الشمسية /</subfield>
		<subfield code="c">تأليف ورسم ابراهيم رفعت.</subfield>
	</datafield>
	<datafield ind1="3" ind2="0" tag="880">
		<subfield code="6">246-03/r</subfield>
		<subfield code="a">رحلات الحجازية والحج ومشاعره الدينية</subfield>
	</datafield>
	<datafield ind1="3" ind2="0" tag="880">
		<subfield code="6">246-04/r</subfield>
		<subfield code="a">رحلات الحجازية والحج ومشاعره الدينية</subfield>
	</datafield>
	<datafield ind1=" " ind2=" " tag="880">
		<subfield code="6">250-05/r</subfield>
		<subfield code="a">الطبعة الأولى</subfield>
	</datafield>
	<datafield ind1=" " ind2=" " tag="880">
		<subfield code="6">260-06/r</subfield>
		<subfield code="a">القاهرة :</subfield>
		<subfield code="b">مطبعة دار الكتب المصرية،</subfield>
		<subfield code="c">1344، 1925.</subfield>
	</datafield>
	<datafield ind1=" " ind2=" " tag="880">
		<subfield code="6">500-07/r</subfield>
		<subfield code="a">رقم الإيداع بدار الكتب المصرية (volume 1): 163/1924/3000</subfield>
	</datafield>
	<datafield ind1=" " ind2=" " tag="880">
		<subfield code="6">500-08/r</subfield>
		<subfield code="a">رقم الإيداع بدار الكتب المصرية (volume 2): 201/1925/3000</subfield>
	</datafield>
	<datafield ind1="2" ind2="4" tag="880">
		<subfield code="6">610-09/r</subfield>
		<subfield code="a">مسجد الحرام.</subfield>
	</datafield>
	<datafield ind1=" " ind2=" " tag="959">
		<subfield code="a">NNU</subfield>
		<subfield code="b">WEB</subfield>
		<subfield code="c">GENI</subfield>
		<subfield code="t">0</subfield>
		<subfield code="m">Electronic access</subfield>
		<subfield code="s">01</subfield>
	</datafield>
	<datafield ind1=" " ind2=" " tag="999">
		<subfield code="i">NNC_2958145</subfield>
		<subfield code="o">(OCoLC)ocm24097042 </subfield>
		<subfield code="s">columbia_aco002057:v.1</subfield>
		<subfield code="s">columbia_aco002058:v.2</subfield>
	</datafield>
</record>
